@article{kartoun2010human,
  title={A human-robot collaborative reinforcement learning algorithm},
  author={Kartoun, Uri and Stern, Helman and Edan, Yael},
  journal={Journal of Intelligent \& Robotic Systems},
  volume={60},
  number={2},
  pages={217--239},
  year={2010},
  publisher={Springer}
}

@inproceedings{burgard1998interactive,
  title={The interactive museum tour-guide robot},
  author={Burgard, Wolfram and Cremers, Armin B and Fox, Dieter and H{\"a}hnel, Dirk and Lakemeyer, Gerhard and Schulz, Dirk and Steiner, Walter and Thrun, Sebastian},
  booktitle={Aaai/iaai},
  pages={11--18},
  year={1998}
}


@inproceedings{qureshi2016robot,
  title={Robot gains social intelligence through multimodal deep reinforcement learning},
  author={Qureshi, Ahmed Hussain and Nakamura, Yutaka and Yoshikawa, Yuichiro and Ishiguro, Hiroshi},
  booktitle={2016 IEEE-RAS 16th International Conference on Humanoid Robots (Humanoids)},
  pages={745--751},
  year={2016},
  organization={IEEE}
}


@inproceedings{chuang2018deep,
  title={Deep trail-following robotic guide dog in pedestrian environments for people who are blind and visually impaired-learning from virtual and real worlds},
  author={Chuang, Tzu-Kuan and Lin, Ni-Ching and Chen, Jih-Shi and Hung, Chen-Hao and Huang, Yi-Wei and Tengl, Chunchih and Huang, Haikun and Yu, Lap-Fai and Giarr{\'e}, Laura and Wang, Hsueh-Cheng},
  booktitle={2018 IEEE International Conference on Robotics and Automation (ICRA)},
  pages={1--7},
  year={2018},
  organization={IEEE}
}

@inproceedings{shah2018airsim,
  title={Airsim: High-fidelity visual and physical simulation for autonomous vehicles},
  author={Shah, Shital and Dey, Debadeepta and Lovett, Chris and Kapoor, Ashish},
  booktitle={Field and service robotics},
  pages={621--635},
  year={2018},
  organization={Springer}
}


@inproceedings{zucker2012reinforcement,
  title={Reinforcement planning: RL for optimal planners},
  author={Zucker, Matt and Bagnell, J Andrew},
  booktitle={2012 IEEE International Conference on Robotics and Automation},
  pages={1850--1855},
  year={2012},
  organization={IEEE}
}

@article{innes2020elaborating,
  title={Elaborating on Learned Demonstrations with Temporal Logic Specifications},
  author={Innes, Craig and Ramamoorthy, Subramanian},
  journal={arXiv preprint arXiv:2002.00784},
  year={2020}
}

@inproceedings{degris2012model,
  title={Model-free reinforcement learning with continuous action in practice},
  author={Degris, Thomas and Pilarski, Patrick M and Sutton, Richard S},
  booktitle={2012 American Control Conference (ACC)},
  pages={2177--2182},
  year={2012},
  organization={IEEE}
}

@article{davoodi2015clear,
  title={Clear and smooth path planning},
  author={Davoodi, Mansoor and Panahi, Fatemeh and Mohades, Ali and Hashemi, Seyed Naser},
  journal={Applied Soft Computing},
  volume={32},
  pages={568--579},
  year={2015},
  publisher={Elsevier}
}


@article{lavalle1998rapidly,
  title={Rapidly-exploring random trees: A new tool for path planning},
  author={LaValle, Steven M},
  year={1998},
  publisher={Citeseer}
}











